@online{venners:2003,
  author = {Venners, Bill},
  title = {The Making of Python},
  year = 2003,
  url = {http://www.artima.com/intv/pythonP.html},
  urldate = {16-08-2015}
}

@online{WinNT,
  author = {MultiMedia LLC},
  title = {{MS Windows NT} Kernel Description},
  year = 1999,
  url = {http://web.archive.org/web/20080207010024/http://www.808multimedia.com/winnt/kernel.htm},
  urldate = {2010-09-30}
}